<?xml version="1.0" encoding="UTF-8"?><collection xmlns="http://www.loc.gov/MARC21/slim"><record><leader>00367nam--2200133-i-4500</leader><controlfield tag="001">000039367</controlfield><controlfield tag="002">20161230</controlfield><controlfield tag="005">20161230201042</controlfield><controlfield tag="008">060222s1000------------r-----000-0-eng-d</controlfield><datafield ind1=" " ind2=" " tag="100"><subfield code="a">Preda, Gh. M</subfield></datafield><datafield ind1=" " ind2=" " tag="245"><subfield code="a">Utilizarea izotopilor radioactivi in constructia de masini</subfield></datafield><datafield ind1=" " ind2=" " tag="260"><subfield code="a">Bucuresti, Editura Tehnica, 1962, 146p</subfield></datafield><datafield ind1=" " ind2=" " tag="490"><subfield code="a">Colectia Tehnica Noua</subfield></datafield><datafield ind1=" " ind2=" " tag="852"><subfield code="a">8250</subfield></datafield></record></collection>